@online{estimator-choice,
    title = "Choosing the right estimator",
    url  = "https://scikit-learn.org/stable/tutorial/machine_learning_map/index.html",
    keywords = "sklearn,estimator"
}

@online{label-encoder,
    title = "LabelEncoder",
    url  = "https://scikit-learn.org/stable/modules/generated/sklearn.preprocessing.LabelEncoder.html",
    keywords = "sklearn,label"
}

@online{logistic-regression,
    title = "LogisticRegression",
    url  = "https://scikit-learn.org/stable/modules/generated/sklearn.linear_model.LogisticRegression.html",
    keywords = "sklearn,regression"
}

@online{grid-search-cv,
    title = "GridSearchCV",
    url  = "https://scikit-learn.org/stable/modules/generated/sklearn.model_selection.GridSearchCV.html#sklearn.model_selection.GridSearchCV",
    keywords = "sklearn,grid"
}

@online{svc,
    title = "SVC",
    url  = "https://scikit-learn.org/stable/modules/generated/sklearn.svm.SVC.html",
    keywords = "sklearn,svc"
}

@online{knn,
    title = "KNeighborsClassifier",
    url  = "https://scikit-learn.org/stable/modules/generated/sklearn.neighbors.KNeighborsClassifier.html",
    keywords = "sklearn,knn"
}

@online{rfc,
    title = "RandomForestClassifier",
    url  = "https://scikit-learn.org/stable/modules/generated/sklearn.ensemble.RandomForestClassifier.html",
    keywords = "sklearn,forest"
}


@online{gbc,
    title = "GradientBoostingClassifier.",
    url  = "https://scikit-learn.org/stable/modules/generated/sklearn.ensemble.GradientBoostingClassifier.html",
    keywords = "sklearn,gradient"
}

